@misc{map_at_k_1,
  title        = {How mean Average Precision at k (mAP@k) can be more useful than other evaluation metrics},
  author       = {Asher U.},
  year         = {2020},
  url          = {https://medium.com/@misty.mok/how-mean-average-precision-at-k-map-k-can-be-more-useful-than-other-evaluation-metrics-6881e0ee21a9},
  note         = {Fecha de acceso: 20 de abril de 2022}
}

@misc{map_at_k_2,
  title        = {Precision@k: The Overlooked Metric for Fraud and Lead Scoring Models},
  author       = {Ryan Brideau},
  year         = {2021},
  url          = {https://towardsdatascience.com/precision-k-the-overlooked-metric-for-fraud-and-lead-scoring-models-fabad2893c01},
  note         = {Fecha de acceso: 20 de abril de 2022}
}


@misc{map_at_k_3,
  title        = {Popular evaluation metrics in recommender systems explained},
  author       = {Giorgos Papachristoudis},
  year         = {2019},
  url          = {https://medium.com/qloo/popular-evaluation-metrics-in-recommender-systems-explained-324ff2fb427d#:~:text=Precision%20and%20recall%20are%20evaluation,user%20query%20in%20our%20case.},
  note         = {Fecha de acceso: 19 de abril de 2022}
}


 @article{zhangdive,
 title={Dive into Deep Learning},
 author={Zhang, Aston and Lipton, Zachary C. and Li, Mu and Smola, Alexander J.},
 journal={arXiv preprint arXiv:2106.11342},
 year={2021}
}

@misc{didlfm,
  title        = {Factorization Machines},
  author       = {Zhang, Aston and Lipton, Zachary C. and Li, Mu and Smola, Alexander J.},
  year         = {2021},
  url          = {https://medium.com/qloo/popular-evaluation-metrics-in-recommender-systems-explained-324ff2fb427d#:~:text=Precision%20and%20recall%20are%20evaluation,user%20query%20in%20our%20case.},
  note         = {Fecha de acceso: 20 de junio de 2022}
}

@misc{didldfm,
  title        = {Deep Factorization Machines},
  author       = {Zhang, Aston and Lipton, Zachary C. and Li, Mu and Smola, Alexander J.},
  year         = {2021},
  url          = {https://d2l.ai/chapter_recommender-systems/deepfm.html},
  note         = {Fecha de acceso: 20 de junio de 2022}
}

@misc{dfmpaper,
  title        = {DeepFM: A Factorization-Machine based Neural Network for CTR Prediction},
  author       = {Huifeng Guo, Ruiming Tang, Yunming Ye},
  year         = {2021},
  url          = {ttps://arxiv.org/pdf/1703.04247.pdf},
  note         = {Fecha de acceso: 2 de febrero de 2021}
}


@misc{movielens,
  title        = {MovieLens 25M Dataset},
  author       = {GroupLens},
  year         = {2019},
  url          = {https://grouplens.org/datasets/movielens/25m},
  note         = {Fecha de acceso: 2 de febrero de 2021}
}

@misc{tmdb,
  title        = {TMDB Movie Dataset},
  author       = {ROUNAK BANIK},
  year         = {2017},
  url          = {https://www.kaggle.com/datasets/rounakbanik/the-movies-dataset?select=movies_metadata.csv},
  note         = {Fecha de acceso: 2 de febrero de 2021}
}


@misc{useritembasedinference,
  title        = {Collaborative Filtering based Recommendation Systems exemplified..},
  author       = {Chhavi Saluja},
  year         = {2018},
  url          = {https://towardsdatascience.com/collaborative-filtering-based-recommendation-systems-exemplified-ecbffe1c20b1},
  note         = {Fecha de acceso: 2 de febrero de 2021}
}


@misc{ncf,
  title        = {Neural Collaborative Filtering},
  author       = {Xiangnan He, Lizi Liao, Hanwang Zhang},
  year         = {2017},
  url          = {https://arxiv.org/pdf/1708.05031.pdf},
  note         = {Fecha de acceso: 2 de febrero de 2021}
}


@misc{nnfm,
  title        = {NEURAL NETWORK MATRIX FACTORIZATION},
  author       = {Gintare Karolina Dziugaite, Daniel M. Roy},
  year         = {2015},
  url          = {https://arxiv.org/pdf/1511.06443.pdf},
  note         = {Fecha de acceso: 2 de abril de 2022}
}


@misc{dlwkrs,
  title        = {Deep Learning With Keras: Recommender Systems},
  author       = {John Wittenauer},
  year         = {2019},
  url          = {https://www.johnwittenauer.net/deep-learning-with-keras-recommender-systems},
  note         = {Fecha de acceso: 2 de febrero de 2021}
}



@misc{fm,
  title        = {Factorization Machines},
  author       = {Steffen Rendle},
  year         = {2010},
  url          = {https://www.csie.ntu.edu.tw/~b97053/paper/Rendle2010FM.pdf},
  note         = {Fecha de acceso: 2 de febrero de 2022}
}

@misc{afm,
  title        = {Algoritmo de factorización de matrices},
  author       = {Simon Funk},
  year         = {2006},
  url          = {https://sifter.org/~simon/journal/20061211.html},
  note         = {Fecha de acceso: 2 de febrero de 2021}
}


@misc{netflixprize,
  title        = {Netflix Prize},
  author       = {Wikipedia},
  year         = {2022},
  url          = {https://en.wikipedia.org/wiki/Netflix_Prize},
  note         = {Fecha de acceso: 2 de junio de 2022}
}


@misc{embeddingsizedem,
  title        = {What Recommenders Recommend – An Analysis of Accuracy, Popularity, and Sales Diversity Effects},
  author       = {Dietmar Jannach, Lukas Lerche, Fatih Gedikli},
  year         = {2022},
  url          = {https://link.springer.com/chapter/10.1007/978-3-642-38844-6_3},
  note         = {Fecha de acceso: 2 de junio de 2022}
}


@misc{wideanddeeppaper,
  title        = {Wide and Deep Learning for Recommender Systems},
  author       = {HengTze Cheng, Levent Koc, Jeremiah Harmsen},
  year         = {2016},
  url          = {https://arxiv.org/pdf/1606.07792.pdf},
  note         = {Fecha de acceso: 2 de marzo de 2021}
}
